@book{nltk,
    title = {{Natural Language Processing with Python}},
    author = {Steven Bird and Ewan Klein and Edward Loper},
    year = {2009}
}